<record><leader>00000cas a22000007a 4500</leader><controlfield tag="001">17591776</controlfield><controlfield tag="008">880307d18801934pauwr ne      0    0eng d</controlfield><datafield ind1=" " ind2=" " tag="010"><subfield code="a">sn 88079147 </subfield></datafield><datafield ind1=" " ind2=" " tag="040"><subfield code="a">NPH</subfield><subfield code="b">eng</subfield><subfield code="c">NPH</subfield><subfield code="d">OCLCQ</subfield></datafield><datafield ind1=" " ind2=" " tag="042"><subfield code="a">msc</subfield></datafield><datafield ind1="0" ind2="0" tag="245"><subfield code="a">New Milford advertiser.</subfield></datafield><datafield ind1="3" ind2="0" tag="246"><subfield code="a">Advertiser</subfield></datafield><datafield ind1=" " ind2=" " tag="260"><subfield code="a">New Milford, Pa. :</subfield><subfield code="b">Vail &amp; Brown,</subfield><subfield code="c">1880-</subfield></datafield><datafield ind1=" " ind2=" " tag="300"><subfield code="a">v. :</subfield><subfield code="b">ill. ;</subfield><subfield code="c">55 cm.</subfield></datafield><datafield ind1=" " ind2=" " tag="310"><subfield code="a">Weekly</subfield></datafield><datafield ind1="0" ind2=" " tag="362"><subfield code="a">Vol. 1, no. 1 (Jan. 6, 1880)-</subfield></datafield><datafield ind1="1" ind2=" " tag="362"><subfield code="a">Ceased in 1934?</subfield></datafield><datafield ind1=" " ind2=" " tag="500"><subfield code="a">Publishers: Vail &amp; Brown, Jan 6, 1880-&lt;1882&gt;; J.S. Hayden &amp; G.C. Howell, &lt;1883-Aug. 11, 1885&gt;; C.S. Vail &amp; G.C. Howell, &lt;Aug. 1885&gt;.</subfield></datafield><datafield ind1=" " ind2=" " tag="752"><subfield code="a">United States</subfield><subfield code="b">Pennsylvania</subfield><subfield code="c">Susquehanna</subfield><subfield code="d">New Milford.</subfield></datafield></record>